2482 3692
545 304 844 332 HETEROPTERA
866 303 974 331 NovA
994 302 1168 330 EUROPAE
1191 284 1809 347 REGIONUMQUE'&ONPJNJQQQ
2012 292 2078 325 4151

242 420 459 470 brevibus,
484 421 651 462 lamina
686 420 866 474 genitali
901 420 1123 474 superiore
1148 434 1172 460 a
1195 420 1329 459 latere
1353 419 1444 460 visa
1474 433 1660 473 superne
1684 424 1800 462 recta
1823 425 1865 463 et
1888 423 2010 477 apice
2035 424 2080 464 in

243 505 496 545 processum
534 492 853 534 horizontalem
889 491 1128 545 producta;
1164 490 1401 531 femoribus
1436 491 1617 544 posticis
1648 492 1842 533 medium
1868 495 2081 546 segmenti

244 563 386 617 quinti
410 563 655 605 abdominis
679 563 1016 615 attingentibus.

384 632 657 687 Hungaria:
707 633 1017 687 S.-A.-Ujhely,
1068 632 1343 686 Kiialyhaza,
1398 632 1802 684 Szatmar-Nemeti,
1860 634 2078 686 Csakova;

242 701 467 745 Austria:
493 704 687 756 Goricia;
721 700 1128 746 Transcaucasia:
1153 702 1398 744 Lenkoran.

387 777 561 831 Species
585 778 677 819 liz-ec
701 776 937 830 saepissime
955 775 1244 829 brachyptera
1267 788 1292 815 a
1309 773 1363 815 H.
1383 776 1646 829 statqnorum
1661 775 1708 816 L.
1727 778 1891 817 statura
1910 778 2080 819 minore

244 851 287 889 et
307 849 548 902 graciliore,
572 851 695 903 parte
720 847 994 890 anteoculari
1018 846 1170 900 capitis
1193 848 1315 900 parte
1339 846 1608 900 postoculari
1630 846 1777 887 minus
1798 861 1925 900 quam
1947 848 2081 901 duplo

243 919 454 973 longiore,
494 924 668 974 pectore
706 921 750 961 in
788 922 973 971 utroque
1012 932 1129 967 sexu,
1169 917 1403 958 abdomine
1438 917 1593 958 saltem
1626 917 1671 957 in
1702 918 1867 958 femina
1888 919 2081 972 pallidis,

245 989 372 1031 dorso
409 990 658 1032 abdominis
694 990 857 1043 glabro,
881 987 1086 1037 nitidulo,
1112 988 1352 1029 connexivo
1388 989 1550 1030 striolis
1584 989 1926 1031 albido-sericeis
1950 990 2079 1031 desti-

245 1064 354 1111 tuto,
380 1062 618 1104 femoribus
642 1061 820 1116 posticis
844 1059 1115 1102 brevioribus
1139 1061 1447 1114 structuraque
1472 1063 1798 1113 segmentorum
1822 1062 2080 1114 genitalium

245 1133 408 1188 optime
433 1133 627 1187 divergit.

386 1204 480 1245 Mas
517 1204 674 1246 unicus
710 1203 1022 1258 brachypterus
1057 1218 1079 1244 e
1112 1203 1345 1244 Lenkoran
1379 1202 1611 1243 abdomine
1647 1203 1826 1257 pallido,
1850 1204 1937 1244 fere
1963 1204 2082 1245 utin

244 1275 410 1317 femina
431 1275 695 1330 nigro-picto
718 1276 896 1329 gaudet.

387 1348 451 1389 Ad
486 1348 599 1389 hanc
634 1347 822 1401 speciem
858 1347 1082 1401 pertinent
1114 1345 1406 1387 verisimiliter
1440 1345 1571 1386 etiam
1602 1345 1842 1399 specimina
1877 1360 1902 1387 a
1939 1347 1983 1387 T.
2024 1347 2078 1388 E.

245 1417 486 1459 SGHUMMEL
527 1417 735 1468 (Versuch
776 1417 897 1458 einer
933 1416 1264 1470 Beschreibung
1296 1415 1372 1456 der
1404 1415 1450 1455 in
1482 1417 1708 1459 Schlesien
1733 1417 2085 1459 einheimischen

244 1491 378 1531 Arten
417 1490 492 1530 der
526 1490 708 1531 Familie
749 1490 824 1530 der
858 1488 1188 1530 Ruderwanzen
1224 1488 1414 1529 Ploteres
1447 1488 1563 1529 Latr.
1588 1489 1770 1530 Breslau
1799 1488 1921 1530 1832.
1947 1503 1989 1542 p.
2018 1489 2083 1529 14.

245 1561 332 1603 tab.
375 1562 409 1602 1.
450 1561 517 1615 fig.
563 1562 706 1613 1—7.)
750 1562 831 1602 sub
867 1562 1050 1602 nomine
1086 1560 1386 1616 Hyszronwcw
1425 1562 1683 1615 stagnorum
1725 1575 1745 1601 e
1786 1560 1940 1602 Silesia
1980 1563 2022 1601 et
2061 1574 2086 1601 a

244 1633 284 1675 J.
316 1633 543 1675 SAHLBERG
576 1634 764 1684 (Notiser
785 1648 837 1675 ur
859 1634 1126 1687 Sallskapets
1148 1647 1224 1687 pro
1247 1634 1400 1674 Fauna
1425 1634 1467 1674 et
1489 1631 1619 1673 Flora
1642 1632 1837 1673 Fennica
1859 1631 2085 1672 Forhand-

245 1705 400 1758 lingar.
436 1706 548 1747 XIV.
588 1706 713 1747 1875.
750 1720 790 1760 p.
828 1706 943 1756 0268.)
970 1705 1051 1746 sub
1075 1704 1254 1746 nomine
1280 1702 1564 1746 Limnobates
1587 1704 1851 1757 staytzorum
1875 1716 1896 1743 e
1919 1704 2089 1744 Fennia

249 1775 475 1830 descripta.

390 1847 689 1903 Hydrow'eetrsc
710 1850 973 1904 staynormn
996 1848 1044 1890 L.
1069 1862 1094 1889 a
1117 1848 1258 1902 specie
1282 1861 1413 1901 supra
1437 1847 1652 1900 descripta
1670 1846 1786 1887 notis
1805 1846 2088 1900 sequentibus

249 1918 415 1960 differt:
450 1919 638 1974 Corpore
661 1920 840 1974 majore,
864 1921 908 1962 in
932 1923 1118 1974 utroque
1143 1933 1246 1961 sexu
1279 1932 1485 1973 magnam
1508 1919 1562 1960 ad
1585 1921 1754 1973 partem
1786 1919 1932 1973 nigro;
1967 1922 2088 1973 parte

249 1991 520 2032 anteoculari
557 1991 710 2046 capitis
743 1995 865 2046 parte
912 1992 1180 2047 postoculari
1213 1992 1369 2034 saltem
1394 1991 1528 2045 duplo
1551 1991 1769 2044 longiore;
1805 1990 1934 2032 dorso
1958 1991 2088 2032 abdo-

250 2064 382 2105 minis
419 2078 570 2118 opaco‚
599 2064 888 2106 subtilissime
931 2063 1337 2118 griseo-puberulo;
1374 2063 1611 2104 connexivo
1646 2062 1699 2102 ad
1733 2061 1857 2102 basin
1897 2075 2088 2115 segmen-

249 2137 395 2176 torum
431 2135 581 2176 striola
614 2134 925 2189 longitudinali
957 2134 1290 2176 albicio-sericea
1314 2136 1467 2174 ornato
1488 2150 1497 2183 ;
1532 2133 1772 2174 femoribus
1796 2133 1975 2186 posticis
1999 2133 2089 2186 api-

251 2220 344 2248 cem
380 2207 628 2249 abdominis
667 2206 1069 2260 subattingentibus
1107 2205 1175 2247 vel
1211 2204 1608 2257 subsuperantibus
1658 2205 1743 2255 (θ)
1786 2204 1853 2245 vel
1891 2203 2086 2244 medium

251 2278 465 2330 segmenti
503 2278 609 2319 sexti
651 2277 901 2319 abdominis
943 2277 1265 2331 attingentibus
1301 2279 1313 2327 (
1334 2287 1355 2332 52
1375 2278 1412 2328 );
1463 2278 1689 2329 segmento
1727 2275 1907 2327 genitali
1946 2275 2089 2329 primo

251 2350 381 2391 maris
405 2350 562 2390 subtus
587 2349 679 2390 basi
701 2349 907 2403 utrinque
931 2349 1159 2409 tuberculo
1182 2348 1481 2389 minutissimo
1506 2349 1634 2388 acuto
1658 2347 1886 2397 instructo,
1912 2360 1936 2386 a
1957 2347 2090 2387 latere

250 2421 341 2463 viso
366 2435 498 2475 supra
521 2434 708 2462 convexo
734 2422 776 2461 et
800 2420 921 2474 apice
946 2420 989 2460 in
1014 2433 1270 2474 processum
1304 2418 1635 2460 breviusculum
1670 2420 1946 2472 segmentum
1968 2418 2086 2470 geni-

251 2493 335 2534 tale
375 2493 619 2535 secundum
657 2492 775 2534 haud
816 2494 1098 2546 superantem
1148 2491 1388 2545 producto;
1438 2490 1606 2531 lamina
1643 2489 1824 2543 genitali
1862 2489 2088 2543 superiore

252 2565 425 2605 femina}
444 2578 469 2605 a
487 2565 620 2606 latere
639 2564 735 2605 visa
752 2577 940 2617 superne
958 2576 1150 2604 convexa
1167 2564 1209 2603 et
1226 2562 1348 2616 apice
1367 2562 1413 2602 in
1431 2575 1681 2615 processum
1706 2560 1861 2601 leviter
1885 2559 2090 2600 deorsum

253 2639 480 2677 curvatum
503 2635 730 2689 producta.
753 2635 890 2687 Long.
915 2634 1059 2674 9—19.
1082 2633 1191 2675 mill.
